<record><leader>00000cas a2200000 a 4500</leader><controlfield tag="001">8789944</controlfield><controlfield tag="008">820920d18281829fluwr ne      0    0eng  </controlfield><controlfield tag="009">466</controlfield><datafield ind1=" " ind2=" " tag="010"><subfield code="a">sn 82014297 </subfield></datafield><datafield ind1=" " ind2=" " tag="040"><subfield code="a">DLC</subfield><subfield code="b">eng</subfield><subfield code="c">DLC</subfield><subfield code="d">FUG</subfield><subfield code="d">DLC</subfield><subfield code="d">OCL</subfield><subfield code="d">OCLCQ</subfield><subfield code="d">OCLCO</subfield><subfield code="d">OCLCF</subfield></datafield><datafield ind1=" " ind2=" " tag="012"><subfield code="i">9508</subfield></datafield><datafield ind1="1" ind2=" " tag="029"><subfield code="a">AU@</subfield><subfield code="b">000026234828</subfield></datafield><datafield ind1=" " ind2=" " tag="042"><subfield code="a">msc</subfield></datafield><datafield ind1=" " ind2=" " tag="043"><subfield code="a">n-us-fl</subfield></datafield><datafield ind1="0" ind2="0" tag="050"><subfield code="a">Newspaper</subfield></datafield><datafield ind1="0" ind2=" " tag="130"><subfield code="a">Magnolia advertiser (Magnolia, Leon County, Fla.)</subfield></datafield><datafield ind1="1" ind2="0" tag="245"><subfield code="a">Magnolia advertiser.</subfield></datafield><datafield ind1=" " ind2=" " tag="260"><subfield code="a">Magnolia [Fla.] :</subfield><subfield code="b">A. Steele,</subfield><subfield code="c">1828-1829.</subfield></datafield><datafield ind1=" " ind2=" " tag="300"><subfield code="a">1 v. ;</subfield><subfield code="c">46 cm.</subfield></datafield><datafield ind1=" " ind2=" " tag="310"><subfield code="a">Weekly</subfield></datafield><datafield ind1="0" ind2=" " tag="362"><subfield code="a">Vol. 1, no. 1 (Dec. 12, 1828)-v. 1, no. 51 (Dec. 25, 1829).</subfield></datafield><datafield ind1=" " ind2=" " tag="500"><subfield code="a">Printed by: T.A. Hayden, &lt;1829&gt;.</subfield></datafield><datafield ind1=" " ind2="0" tag="651"><subfield code="a">Magnolia (Leon County, Fla.)</subfield><subfield code="v">Newspapers.</subfield></datafield><datafield ind1=" " ind2="0" tag="651"><subfield code="a">Leon County (Fla.)</subfield><subfield code="v">Newspapers.</subfield></datafield><datafield ind1=" " ind2="7" tag="655"><subfield code="a">Newspapers.</subfield><subfield code="2">fast</subfield><subfield code="0">(OCoLC)fst01423814</subfield></datafield><datafield ind1=" " ind2="7" tag="651"><subfield code="a">Florida</subfield><subfield code="z">Leon County.</subfield><subfield code="2">fast</subfield><subfield code="0">(OCoLC)fst01206533</subfield></datafield><datafield ind1=" " ind2="7" tag="651"><subfield code="a">Florida</subfield><subfield code="z">Magnolia (Leon County)</subfield><subfield code="2">fast</subfield><subfield code="0">(OCoLC)fst01321773</subfield></datafield><datafield ind1=" " ind2=" " tag="752"><subfield code="a">United States</subfield><subfield code="b">Florida</subfield><subfield code="c">Leon</subfield><subfield code="d">Magnolia.</subfield></datafield><datafield ind1="0" ind2="0" tag="785"><subfield code="t">Advertiser (Magnolia, Leon County, Fla.)</subfield><subfield code="w">(DLC)sn 95026934</subfield><subfield code="w">(OCoLC)32934255</subfield></datafield><datafield ind1=" " ind2=" " tag="850"><subfield code="a">FU</subfield></datafield></record>